@article{test1,
  author       = {Author One and Author Two and Author Three},
  title        = {TITLE},
  translator   = {Translator},
  editor       = {Editor},
  series       = {Series},
  booktitle    = {Book Title},
  journal      = {Journal Title},
  edition      = {1},
  volume       = {2},
  number       = {3},
  address      = {Address},
  publisher    = {Publisher},
  organization = {Organization},
  school       = {University},
  institution  = {Institution},
  year         = {Year},
  pages        = {Pages},
  urldate      = {URL Date},
  url          = {url},
  doi          = {doi},
}

@article{test2,
  author       = {作者1 and 作者2 and 作者3},
  title        = {题名},
  translator   = {翻译},
  editor       = {编辑},
  series       = {系列},
  booktitle    = {书名},
  journal      = {期刊},
  edition      = {1},
  volume       = {2},
  number       = {3},
  address      = {出版地},
  publisher    = {出版者},
  organization = {组织},
  school       = {大学},
  institution  = {机构},
  year         = {出版年},
  pages        = {引文页码},
  urldate      = {引用日期},
  url          = {url},
  doi          = {doi},
}