@misc{whulogo,
	author = {武汉大学},
	title = {武大标识},
	howpublished = {\url{https://www.whu.edu.cn/xxgk/wdbs.htm}},
	urldate = {2022-09-20}
}


@misc{武汉大学硕士学位论文印制规定,
	author       = {武汉大学研究生院},
	howpublished = {\url{https://gs.whu.edu.cn/info/1022/3235.htm}},
	title        = {武汉大学硕士学位论文印制规定},
	urldate      = {2024-03}
}